% Categorial grammars
@inproceedings{categorial,
  title={A categorial grammar for music and its use in automatic melody generation},
  author={Young, Halley},
  booktitle={Proceedings of the 5th ACM SIGPLAN International Workshop on Functional Art, Music, Modeling, and Design},
  pages={1--9},
  year={2017},
  organization={ACM}
}

@incollection{moortgat,
  title={Categorial type logics},
  author={Moortgat, Michael},
  booktitle={Handbook of logic and language},
  pages={93--177},
  year={1997},
  publisher={Elsevier}
}

% L-systems
@article{lsystem,
  title={Grammar based music composition},
  author={McCormack, Jon},
  journal={Complex systems},
  volume={96},
  pages={321--336},
  year={1996}
}

% Chaos functions
@article{chaos,
  title={Chaotic systems as simple (but complex) compositional algorithms},
  author={Bidlack, Rick},
  journal={Computer Music Journal},
  volume={16},
  number={3},
  pages={33--47},
  year={1992},
  publisher={JSTOR}
}
@article{lsystem-original,
  title={Mathematical models for cellular interactions in development I. Filaments with one-sided inputs},
  author={Lindenmayer, Aristid},
  journal={Journal of theoretical biology},
  volume={18},
  number={3},
  pages={280--299},
  year={1968},
  publisher={Elsevier}
}

% Hudak
@inproceedings{hudak,
  title={Grammar-based automated music composition in Haskell},
  author={Quick, Donya and Hudak, Paul},
  booktitle={Proceedings of the first ACM SIGPLAN workshop on Functional art, music, modeling \& design},
  pages={59--70},
  year={2013},
  organization={ACM}
}
@inproceedings{temporal,
  title={An algebraic theory of polymorphic temporal media},
  author={Hudak, Paul},
  booktitle={International Symposium on Practical Aspects of Declarative Languages},
  pages={1--15},
  year={2004},
  organization={Springer}
}

% Grammars
@article{tonal,
  title={Towards a generative syntax of tonal harmony},
  author={Rohrmeier, Martin},
  journal={Journal of Mathematics and Music},
  volume={5},
  number={1},
  pages={35--53},
  year={2011},
  publisher={Taylor \& Francis}
}
@article{jazzchords,
  title={A generative grammar for jazz chord sequences},
  author={Steedman, Mark J},
  journal={Music Perception: An Interdisciplinary Journal},
  volume={2},
  number={1},
  pages={52--77},
  year={1984},
  publisher={University of California Press Journals}
}
@article{tabla,
  title={Modelling improvisatory and compositional processes},
  author={Bel, Bernard},
  journal={Languages of Design, Formalisms for Word, Image and Sound},
  volume={1},
  number={1},
  pages={11--26},
  year={1992}
}
@book{schenker,
  title={Introduction to Schenkerian analysis},
  author={Forte, Allen and Gilbert, Steven E},
  year={1982},
  publisher={Norton}
}
@inproceedings{improvisor,
  title={A grammatical approach to automatic improvisation},
  author={Keller, Robert M and Morrison, David R},
  booktitle={Proceedings, Fourth Sound and Music Conference, Lefkada, Greece, July.},
  year={2007}
}
