% Categorial grammars
@inproceedings{categorial,
  title={A categorial grammar for music and its use in automatic melody generation},
  author={Young, Halley},
  booktitle={Proceedings of the 5th ACM SIGPLAN International Workshop on Functional Art, Music, Modeling, and Design},
  pages={1--9},
  year={2017},
  organization={ACM}
}

% L-systems
@article{lsystem,
  title={Grammar based music composition},
  author={McCormack, Jon},
  journal={Complex systems},
  volume={96},
  pages={321--336},
  year={1996}
}

% Chaos functions
@article{chaos,
  title={Chaotic systems as simple (but complex) compositional algorithms},
  author={Bidlack, Rick},
  journal={Computer Music Journal},
  volume={16},
  number={3},
  pages={33--47},
  year={1992},
  publisher={JSTOR}
}
@article{lsystem-original,
  title={Mathematical models for cellular interactions in development I. Filaments with one-sided inputs},
  author={Lindenmayer, Aristid},
  journal={Journal of theoretical biology},
  volume={18},
  number={3},
  pages={280--299},
  year={1968},
  publisher={Elsevier}
}